%% This BibTeX bibliography file was created using BibDesk.
%% http://bibdesk.sourceforge.net/

@phdthesis{Rice1924,
author = {Rice, Stewart A.},
school = {Columbia University},
title = {{Farmers and workers in american politics}},
year = {1924}
}

@article{Neto1997,
author = {Neto, Octavio Amorim and Santos, Fabiano GM},
journal = {Twentieth LASA Congress, \ldots},
title = {{The Executive Connection: Explaining the Puzzles of Party Cohesion in Brazil}},
url = {\url{http://lasa.international.pitt.edu/LASA97/netosantos.pdf}},
year = {1997}
}

@article{Robson2011,
author = {Neiva, Pedro Robson Pereira},
pages = {289--318},
title = {{Coesão e Disciplina Partidária no Senado Federal}},
url = {\url{http://www.scielo.br/pdf/dados/v54n2/v54n2a03.pdf}},
volume = {54},
year = {2011}
}

@article{Figueiredo1995,
author = {Figueiredo, AC and Limongi, Fernando},
journal = {Dados},
number = {3},
pages = {497--525},
title = {{Partidos políticos na Câmara dos Deputados: 1989-1994}},
url = {\url{http://www.fflch.usp.br/dcp/assets/docs/Limongi/Partidos_Politicos_na_Camara_dos_Deputados_1989-1994.pdf}},
volume = {38},
year = {1995}
}
